@inproceedings{fast_align,
  title={A simple, fast, and effective reparameterization of ibm model 2},
  author={Dyer, Chris and Chahuneau, Victor and Smith, Noah A},
  booktitle={Proceedings of the 2013 Conference of the North American Chapter of the Association for Computational Linguistics: Human Language Technologies},
  pages={644--648},
  year={2013}
}

@inproceedings{europarl,
  title={Europarl: A parallel corpus for statistical machine translation},
  author={Koehn, Philipp},
  booktitle={MT summit},
  volume={5},
  pages={79--86},
  year={2005},
  organization={Citeseer}
}

@misc{europarl:url,
  title = {European Parliament Proceedings Parallel Corpus 1996-2011},
  howpublished = {\url{https://www.statmt.org/europarl/}},
  note = {Abgerufen: 2020-04-23}
}

@article{hmmTraining,
  title={A tutorial on hidden Markov models and selected applications in speech recognition},
  author={Rabiner, Lawrence R},
  journal={Proceedings of the IEEE},
  volume={77},
  number={2},
  pages={257--286},
  year={1989},
  publisher={Ieee}
}

@misc{hmmlearn,
  title = {hmmlearn-Dokumentation: MultinomialHMM},
  howpublished = {\url{https://hmmlearn.readthedocs.io/en/latest/api.html#multinomialhmm}},
  note = {Abgerufen: 2020-04-24}
}

@misc{hmm->wfsm,
  title={Hidden-Markov-Modelle als Gewichtete Endliche Automaten},
  author={Becker, Alexander and J{\"a}hnig, Georg},
  year={2008}
}

@inproceedings{degenerate,
  title={Comparative analysis of viterbi training and maximum likelihood estimation for hmms},
  author={Allahverdyan, Armen and Galstyan, Aram},
  booktitle={Advances in Neural Information Processing Systems},
  pages={1674--1682},
  year={2011}
}

@article{germanCorpus,
  title={The GerManC Corpus},
  author={Durrell, Martin and Bennett, Paul and Scheible, Silke and Whitt, Richard J},
  journal={Manchester: School of Languages, Linguistics and Cultures},
  year={2012}
}

@inproceedings{nsst,
  title={Nondeterministic streaming string transducers},
  author={Alur, Rajeev and Deshmukh, Jyotirmoy V},
  booktitle={International Colloquium on Automata, Languages, and Programming},
  pages={1--20},
  year={2011},
  organization={Springer}
}